@misc{boddenadmission,
    author = {Bodden, Eric},
    comment = {Published online only.},
    priority = {2},
    title = {Efficient Runtime Verification \url{http://www.bodden.de/research/past-research/efficient-runtime-verification/}},
    year = {2009}
}